
%% Created for Matthew Wampler-Doty at 2009-01-01 13:27:41 -0500 


%% Saved with string encoding Unicode (UTF-8) 



@book{blackburn,
	Author = {Blackburn, P. and de Rijke, M. and Venema, Y.},
	Date-Added = {2009-01-01 13:12:55 -0500},
	Date-Modified = {2009-01-01 13:27:40 -0500},
	Publisher = {Cambridge University Press},
	Title = {Modal Logic},
	Year = {2001}}

@article{balbiani2003pip,
	Author = {Balbiani, P. and Vakarelov, D.},
	Date-Added = {2008-12-27 07:56:10 -0500},
	Date-Modified = {2008-12-27 07:56:10 -0500},
	Journal = {JOURNAL OF APPLIED NONCLASSICAL LOGICS},
	Number = {3/4},
	Pages = {231--276},
	Publisher = {HERMES},
	Title = {{PDL with intersection of programs: a complete axiomatization}},
	Volume = {13},
	Year = {2003}}

@article{1225972,
	Address = {Duluth, MN, USA},
	Author = {Johan van Benthem and Jan van Eijck and Barteld Kooi},
	Date-Added = {2008-12-26 20:09:42 -0500},
	Date-Modified = {2008-12-26 20:09:42 -0500},
	Doi = {http://dx.doi.org/10.1016/j.jc.2006.04.006},
	Issn = {0890-5401},
	Journal = {Inf. Comput.},
	Number = {11},
	Pages = {1620--1662},
	Publisher = {Academic Press, Inc.},
	Title = {Logics of communication and change},
	Volume = {204},
	Year = {2006},
	Bdsk-Url-1 = {http://dx.doi.org/10.1016/j.jc.2006.04.006}}

@article{1194877,
	Address = {New York, NY, USA},
	Author = {Martin Sulzmann and Gregory J. Duck and Simon Peyton-Jones and Peter J. Stuckey},
	Date-Added = {2008-12-26 16:03:25 -0500},
	Date-Modified = {2008-12-26 16:03:25 -0500},
	Doi = {http://dx.doi.org/10.1017/S0956796806006137},
	Issn = {0956-7968},
	Journal = {J. Funct. Program.},
	Number = {1},
	Pages = {83--129},
	Publisher = {Cambridge University Press},
	Title = {Understanding functional dependencies via constraint handling rules},
	Volume = {17},
	Year = {2007},
	Bdsk-Url-1 = {http://dx.doi.org/10.1017/S0956796806006137}}

@article{parker:tlii,
	Author = {Conrad Parker},
	Date-Added = {2008-12-25 21:16:43 -0500},
	Date-Modified = {2008-12-25 21:16:43 -0500},
	Journal = {The Monad.Reader},
	Month = {September},
	Title = {{Type-Level Instant Insanity}},
	Volume = {Issue Eight},
	Year = {2007}}
